@BOOK{Smith:2022qr,
   title = {Chemistry},
   publisher = {Publisher},
   author = {Smith, J.~M. and Jones, A.~B.},
   year = {2022},
   edition = {7th},
}

@ARTICLE{Smith:2021jd,
	author = {Jones, A.~B. and Smith, J.~M.},
	title = {{A}rticle {T}itle},
	journal = {Journal title},
	year = {2021},
	volume = {13},
	pages = {123-456},
	number = {52},
	month = {3},
	publisher = {Publisher},
	doi = {10.1038/s41586-021-03616-x},
}

@article{Kamble:2021,
  author          = {Kamble, A.~A. AND Gawade, S.~S.},
  journal         = {International Journal of Advanced Research in Computer and Communication Engineering},
  number          = {12},
  title           = {DDA Line Drawing Algorithm},
  volume          = {10},
  year            = {2021}
}

@article{Madan:2014,
  author          = {Madan, L AND Anand, K AND Bhushan, B},
  journal         = {International Journal of Research in Science And Technology},
  number          = {3},
  title           = {BRESENHAM'S LINES ALGORITHM},
  volume          = {4},
  year            = {2014}
}

@article{Badshah:2023,
  author          = {Nadeem Badshah},
  journal         = {The Guardian},
  number          = {3},
  title           = {Train fares in England and Wales rise by 5.9% despite poor service},
  volume          = {4},
  year            = {2023}
}
